% Encoding: UTF-8

@Misc{Rawson2013,
  author  = {Alex Rawson and Ewan Duncan and Conor Jones},
  title   = {The Truth About Customer Experience},
  year    = {2013},
  date    = {2013-09-01},
  journal = {Harvard Business Review},
  pages   = {10},
}

@Misc{Center2017,
  author = {Pew Research Center},
  title  = {Digital News Fact Sheet},
  year   = {2017},
  date   = {2017-08-07},
  url    = {http://www.journalism.org/fact-sheet/digital-news/},
}

@Article{Kannan2017,
  author       = {P.K. Kannan and Hongshuang Li},
  title        = {Digital Marketing: A Framework, Review, and Research Agenda},
  journal      = {International Journal of Research in Marketing},
  journaltitle = {International Journal of Research in Marketing},
  year         = {2017},
  date         = {2016-12-03},
  volume       = {34},
  issue        = {1},
  pages        = {22-45},
}

@Misc{Liyakasa2013,
  author = {Kelly Liyakasa},
  title  = {Big Data and Customer Experience Begin to Converge},
  year   = {2013},
  date   = {2013-07-01},
  url    = {www.destinationCRM.com},
}

@Misc{Gibbons2014,
  author = {Patrick Gibbons},
  title  = {Is It Time to Moneyball Customer Experience},
  year   = {2014},
  date   = {2014-08-01},
  url    = {www.destinationCRM.com},
}

@Misc{Nichols2013,
  author = {Wes Nichols},
  title  = {Advertising Analytics 2.0},
  year   = {2013},
  date   = {2013-03-01},
}

@Article{Stoicescu2015,
  author       = {Christina Stoicescu},
  title        = {Big Data, The Perfect Instrument to Study Today's Consumer Behavior},
  journal      = {Database Systems Journal},
  journaltitle = {Database Systems Journal},
  year         = {2015},
  volume       = {6},
  number       = {3},
  pages        = {28-41},
}

@Misc{Court2015,
  author       = {David Court},
  title        = {Getting Big Impact from Big Data},
  year         = {2015},
  date         = {2015-01-01},
  journal      = {McKinsey Quarterly},
  journaltitle = {McKinsey Quarterly},
  pages        = {8},
}

@Misc{Dorner2015,
  author       = {Karel Dorner and David Edelman},
  title        = {What 'Digital' Really Means},
  year         = {2015},
  journal      = {McKinsey and Company},
  journaltitle = {McKinsey and Company},
  pages        = {5},
}

@Misc{DeAsi2017,
  author = {Gary DeAsi},
  title  = {Why the Customer Journey is Your New Marketing Funnel},
  year   = {2017},
  date   = {2017-06-02},
}

@Misc{Edelman2010,
  author       = {David C. Edelman},
  title        = {Branding in the Digital Age},
  year         = {2010},
  date         = {2010-12-01},
  journal      = {Harvard Business Review},
  journaltitle = {Harvard Business Review},
  pages        = {8},
}

@Misc{Grishikashvili2014,
  author       = {Ketty Grishikashvili and S. Dibb and M. Meadows},
  title        = {Investigation into Big Data Impact on Digital Marketing},
  year         = {2014},
  journal      = {Online Journal of Communication and Media Technologies},
  journaltitle = {Online Journal of Communication and Media Technologies},
  pages        = {26-37},
}



@Article{Couldry2014,
  author       = {Nick Couldry and Joseph Turow},
  title        = {Advertising, Big Data, and the Clearance of the Public Realm: Marketers' New Approaches to the Content Subsidy},
  journal      = {International Journal of Communication},
  journaltitle = {International Journal of Communication},
  year         = {2014},
  date         = {2014-04-10},
  volume       = {8},
  number       = {0},
  pages        = {1710-1726},
}

@Misc{Richardson2010,
  author       = {Adam Richardson},
  title        = {Understanding Customer Experience},
  year         = {2010},
  date         = {2010-10-28},
  journal      = {Harvard Business Review},
  journaltitle = {Harvard Business Review},
}

@Misc{Akter2016,
  author = {Shahria Akter and Samuel Fosso Wamba},
  title  = {Big Data Analytics in E-Commerce: A Systematic Review and Agenda for Future Research},
  year   = {2016},
  date   = {2016-03-16},
}

@Online{Hartmans2017,
  author = {Avery Hartmans},
  title  = {15 Fascinating Facts You Probably Didn't Know About Amazon},
  year   = {2017},
  date   = {2017-04-09},
  url    = {www.businessinsider.com},
}

@Misc{Smith2017,
  author = {Craig Smith},
  title  = {120 Amazing Amazon Statistics and Facts},
  year   = {2017},
  date   = {2017-11-12},
  url    = {www.expandedramblings.com},
}

@Misc{Petro2017,
  author = {Greg Petro},
  title  = {Amazon's Acqisition of Whole Foods is About Two Things: Data and Product},
  year   = {2017},
  date   = {2017-08-02},
  url    = {www.forbes.com},
}



@Misc{LeFebre2017,
  author = {Rob LeFebre},
  title  = {Target Buys Same Day Delivery Company},
  year   = {2017},
  date   = {2017-08-14},
  url    = {https://www.engadget.com},
}

@Misc{Ebay2017,
  author = {Ebay},
  title  = {Our History - Ebay},
  year   = {2017},
  date   = {2017-11-21},
  url    = {www.ebay.com},
}



@Misc{Lui2012,
  author = {Spandas Lui},
  title  = {How eBay Uses Big Data to Make You Buy More},
  year   = {2012},
  date   = {2012-10-12},
  url    = {www.zdnet.com},
}

@Online{Sararn2014,
  author = {Cliff Saran},
  editor = {Cliff Saran},
  title  = {How Big Data is Powering Success for eBay's Customer Journey},
  year   = {2014},
  date   = {2014-05-13},
  url    = {www.computerweekly.com},
}

@Misc{Woodie2016,
  author = {Alex Woodie},
  title  = {How Credit Card Companies are Evolving with Big Data},
  year   = {2016},
  date   = {2016-05-03},
  url    = {www.datanami.com},
}

@Misc{Morgan2014,
  author = {Timothy Pickett Morgan},
  title  = {Why Hadoop is the New Backbone of American Express},
  year   = {2014},
  date   = {2017-10-17},
  url    = {www.enterprisetech.com},
}

@Misc{Manglani2017,
  author = {Charu Manglani},
  title  = {American Express: Using Data Analytics to Redefine Traditional Banking},
  year   = {2017},
  date   = {2017-04-02},
  url    = {https://digit.hbs.org},
}

@Misc{Economist2016,
  author = {The Economist},
  title  = {The Economist},
  year   = {2016},
}

@Misc{Marr2016,
  author = {Bernard Marr},
  title  = {American Express Charges into the World of Big Data},
  year   = {2016},
  date   = {2016-01-13},
}

@Misc{Groenfeldt2012,
  author = {Tom Groenfeldt},
  title  = {Banks Use Big Data To Understand Customers Across Channels},
  year   = {2012},
  date   = {2013-06-11},
  url    = {https://www.forbes.com},
}

@Article{Nichols2014,
  author       = {Wes Nichols},
  title        = {How Big Data Brings Marketing and Finance Together},
  journal      = {Harvard Business Review},
  journaltitle = {Harvard Business Review},
  year         = {2014},
  editor       = {Wes Nichols},
  pages        = {1-4},
}



@Misc{Davenport2013,
  author = {Thomas H. Davenport and Jill Dyche},
  title  = {Big Data in Big Companies},
  year   = {2013},
  date   = {2013-05-01},
}

@Misc{Froves2013,
  author       = {Peter Froves and Basel Kayyali and David Knott and Steven Van Kuiken},
  title        = {The 'Big Data' Revolution in Healthcare},
  year         = {2013},
  date         = {2013-01-01},
  journal      = {McKinsey \& Company},
  journaltitle = {McKinsey \& Company},
  pages        = {23},
}

@InProceedings{Nambiar2013,
  author    = {Raghunath Nambiar and Ruchie Bhardwaj and Adhiraaj Sethi and Rajesh Vargheese},
  title     = {A Look at Challenges and Opportunities of Big Data Analytics in Healthcare},
  booktitle = {2013 IEEE International Conference on Big Data},
  year      = {2013},
  publisher = {2013 IEEE Conference on Big Data},
  month     = {Oct},
  pages     = {17-22},
  doi       = {10.1109/BigData.2013.6691753},
  address   = {Silicon Valley, CA, USA},
  keywords  = {data analysis;diseases;health care;medical computing;big data analytics;clinical trials;disease epidemics;healthcare industry;healthcare spending;healthcare systems;hospital systems;operational efficiencies;Companies;Data handling;Data storage systems;Diseases;Industries;Information management;Big Data;Healthcare},
}

@Article{Yoediono2008,
  author       = {Ziggy Yoediono and Raplh Snyderman},
  title        = {Proposal for a New Health Record to Support Personailized, Predictive, Preventative and Paticipatory Medicine},
  journal      = {Personalized Medicine},
  journaltitle = {Personalized Medicine},
  year         = {2008},
  number       = {5},
  issue        = {1},
  pages        = {47-54},
}

@Online{Foundation2016,
  author = {The Henry J. Kaiser Family Foundation},
  title  = {Health Insurance Coverage of the Total Population},
  year   = {2016},
  url    = {http://www.kff.org},
}





@Article{Jenkins2016,
  author       = {Tricia Jenkins},
  title        = {Netflix's Geek Chic: How One Company Leveraged its Big Data to Change the Entertainment Industry},
  journal      = {Jump Cut: A Review of Contemporary Media},
  journaltitle = {Jump Cut: A Review of Contemporary Media},
  year         = {2016},
  volume       = {7},
  number       = {1},
  issue        = {57},
  pages        = {1-17},
}

@Misc{Statista2017,
  author = {Statista},
  title  = {Value of the Global Entertainment ad Media Market from 2011 to 2021},
  year   = {2017},
  url    = {https://www.statista.com},
}


@Misc{Griffith2017,
  author = {Brian Griffith},
  title  = {Playing to Win with Analytics},
  year   = {2017},
}

@Misc{Hmeid2017,
  author = {Reda Hmeid},
  title  = {What Does "Being Digital" Actually Mean?},
  year   = {2017},
  date   = {2017-01-17},
  url    = {https://www.infoq.com},
}

@Misc{Accenture2013,
  author = {Accenture},
  title  = {What it Means to be Digital},
  year   = {2013},
  date   = {2013-11-25},
  url    = {https://www.accenture.com},
}

@Misc{Cohen2017,
  author = {Jonathan Cohen},
  title  = {Netflix's Use of Big Data: Lessons for Brand Marketers},
  year   = {2017},
}

@Misc{Atkinson2016,
  author = {Claire Atkinson},
  title  = {Video Streaming Services Saw Giant Leap in 2016},
  year   = {2016},
  url    = {https://nypost.com},
}

@Misc{Welch2012,
  author = {Michael Welch and George Westerman},
  editor = {Capgemini Consulting},
  title  = {Caesars Entertainment: Digitally Personalizing the Customer Experience},
  year   = {2012},
}

@Misc{Schull2012,
  author = {Natasha Dow Schull},
  title  = {The Touch-Point Collective: Crowd Contouring on the Casino Floor},
  year   = {2012},
}

@Misc{Nair2016,
  author = {Harikesh S. Nair and Sanjog Misra and Wlliam J. Hornbuckle IV and Ranjan Mishra and Anand Acharya},
  title  = {Big Data and Marketing Analytics in Gaming: Combining Empiral Models and Field Experimentation},
  year   = {2016},
  date   = {2016-12-12},
}

@Misc{Rubinrown2017,
  author = {Rubinrown},
  title  = {Gaming Stastics},
  year   = {2017},
}



@Misc{McGuire2017,
  author = {Kelly A. McGuire and Natalie Osborn},
  title  = {We're Living in a Big Data World},
  year   = {2017},
  url    = {www.hospitalityupgrade.com},
}

@Misc{Phillips2017,
  author = {Dan Phillips},
  title  = {Who are You? Who, Who},
  year   = {2017},
  url    = {www.hospitalityupgrade.com},
}

@Article{Pan2017,
  author       = {Bing Pan and Yang Yang},
  title        = {Forecasting Destination Weekly Hotel Occupancy with Big Data},
  journal      = {Journal of Travel Research},
  journaltitle = {Journal of Travel Research},
  year         = {2017},
  volume       = {56},
  number       = {7},
  pages        = {957-970},
}

@Article{Spiess2014,
  author       = {Jeffrey Spiess and Yves T'Joens and Raluca Dragnea and Peter Spencer and Laurent Philppart},
  title        = {Using Big Data to Improve Customer Experience and Business Performance},
  journal      = {Bell Labs Technical Journal},
  journaltitle = {Bell Labs Technical Journal},
  year         = {2014},
  volume       = {18},
  number       = {4},
  pages        = {3-17},
}

@Misc{Meyer2007,
  author = {Chistopher Meyer},
  title  = {Understanding Customer Experience},
  year   = {2007},
}



@Misc{Noyes2014,
  author = {Katherine Noyes},
  title  = {For the Airline Industry, Big Data is Cleared for Take-Off},
  year   = {2014},
  date   = {2014-06-19},
  url    = {www.fortune.com},
}

@Online{Administration2017,
  author = {Federal Aviation Administration},
  title  = {Air Traffic by the Numbers},
  year   = {2017},
  url    = {https://www.faa.gov/air_traffic_by_the_numbers},
}

@Misc{Clifford2017,
  author = {Tor Clifford},
  title  = {Five Urban Transportation Challenges that Big Data Can Help You Solve},
  year   = {2017},
  date   = {2017-03-30},
}

@Online{Exastax2017,
  author = {Exastax},
  title  = {How Airlines are Using Big Data},
  year   = {2017},
  url    = {https://exastax.com},
}

@Misc{Cohen2016,
  author = {Peter Cohen and Robert Hahn and Jonathan Hall and Steven Levitt and Robert Metcalfe},
  title  = {Using Big Data to Estimate Consumer Surplus: The Case of Uber},
  year   = {2016},
}

@Online{School2015,
  author = {Harvard Business School},
  title  = {Big Data Takes Flight at Delta Air Lines},
  year   = {2015},
  date   = {2015-11-22},
  url    = {https://digit.hbs.org},
}

@Misc{Institute2017,
  author = {Statistic Brain Research Institute},
  title  = {Uber Company Statistics},
  year   = {2017},
  url    = {www.statisticbrain.com},
}

@Book{Marr2016b,
  author    = {Bernard Marr},
  title     = {Big Data in Practice},
  year      = {2016},
  publisher = {Wiley},
  address   = {Corporate Headquarters 111 River Street Hoboken, NJ 07030-5774},
}

@Online{Central2017,
  author = {Data Science Central},
  title  = {The Amazing Ways Uber is Using Big Data},
  year   = {2017},
  url    = {https://www.datasciencecentral.com},
}

@Misc{Gallo2014,
  author = {Amy Gallo},
  title  = {The Value of Keeping the Right Customers},
  year   = {2014},
  date   = {2014-10-29},
}

@Comment{jabref-meta: databaseType:biblatex;}
