@Online{Shell2017,
  author       = {Adam Shell},
  title        = {Equifax Data Breach: Number of Victims May Never Be Known},
  year         = {2017},
  date         = {2017-09-17},
  url          = {https://www.usatoday.com/story/money/2017/09/17/equifax-data-breach-number-victims-may-never-known/670618001/},
  organization = {USA Today},
}

@Online{Merriam-Webster2017,
  author = {Merriam-Webster},
  title  = {Privacy},
  year   = {2017},
  date   = {2017-10-31},
  url    = {https://www.merriam-webster.com/},
}

@Article{Agelidis2016,
  author  = {Yasmine Agelidis},
  title   = {Protecting the Good, the Bad, and the Ugly: "Exposure" Data Breaches and Suggestions for Coping with Them},
  journal = {Berkeley Technology Law Journal},
  year    = {2016},
  volume  = {31},
  pages   = {1058-1078},
}

@Misc{Review2014,
  author  = {Harvard Law Review},
  editor  = {Harvard Law Review},
  title   = {Data Mining, Dog Sniffs, and the Fourth Amendment},
  year    = {2014},
  issue   = {2},
  journal = {Harvard Law Review},
  pages   = {691-712},
  volume  = {128},
}

@Article{Xu2014,
  author  = {L. Xu and C. Jiang and J. Wang and J. Yuan and Y. Ren},
  title   = {Information Security in Big Data: Privacy and Data Mining},
  journal = {IEEE Access},
  year    = {2014},
  volume  = {2},
  pages   = {1149-1176},
}

@Article{Francis2014,
  author       = {John G. Francis and Leslie P. Francis},
  title        = {Privacy, Confidentiality, and Justice},
  journal      = {Journal of Social Philosophy},
  journaltitle = {Journal of Social Philosophy},
  year         = {2014},
  volume       = {45},
  issue        = {3},
  pages        = {408-431},
}

@Article{Tene2013,
  author       = {Omer Tene and Jules Polonetsky},
  title        = {Big Data for All: Privacy and User Control in the Age of Analytics},
  journal      = {Northwestern Journal of Technology and Intellectual Property},
  journaltitle = {Northwestern Journal of Technology and Intellectual Property},
  year         = {2013},
  volume       = {11},
  issue        = {5},
  pages        = {240-272},
}

@Article{Bathon2013,
  author  = {Justin Bathon},
  title   = {How Little Data Breaches Cause Big Problems},
  journal = {T H E Journal (Technological Horizons In Education)},
  year    = {2013},
  volume  = {42},
  number  = {8},
  pages   = {26-29},
}

@Article{Chen2013,
  author  = {Tung-Shou Chen and Wei-Bin Lee and Jeanne Chen and Yuan-Hung Kao and Pei-Wen Hou},
  title   = {Reversible Privacy Preserving Data Mining: A Combination of Difference Expansion and Privacy Preserving},
  journal = {Journal of Supercomputing},
  year    = {2013},
  date    = {2013-04-10},
  volume  = {66},
  number  = {2},
  pages   = {907-917},
}

@Misc{Cavoukian2012,
  author = {Ann Cavoukian and Jeff Jonas},
  title  = {Privacy by Design in the Age of Big Data},
  year   = {2012},
  date   = {2012-6-8},
}

@Article{Tene2012,
  author       = {Omer Tene and Jules Polonetsky},
  title        = {Privacy in the Age of Big Data: A Time for Big Decisions},
  journal      = {Stanford Law Review Online},
  journaltitle = {Stanford Law Review Online},
  year         = {2012},
  date         = {2/2/2012},
  volume       = {64},
  number       = {63},
  pages        = {63-69},
}

@Article{Culnan2009,
  author  = {Mary Culnan and Cynthia Clark Williams},
  title   = {How Ethics can Enhance Organizational Privacy: Lessons from the ChoicePoint and TJX Data Breaches},
  journal = {MIS Quarterly},
  year    = {2009},
  date    = {December 2009},
  volume  = {33},
  number  = {4},
  pages   = {673-687},
}

@Online{Akpan2016,
  author = {Nsikan Akpan},
  title  = {Has Health Care Hacking Become an Epidemic?},
  year   = {2016},
  date   = {2016-03-23},
  url    = {https://www.pbs.org/newshour/science/has-health-care-hacking-become-an-epidemic},
}

@Article{Daniel2015,
  author       = {Ben Daniel},
  title        = {Big Data and Analytics in Higher Education: Opportunities and Challenges},
  journal      = {British Educational Research Association},
  journaltitle = {British Journal of Educational Technology},
  year         = {2015},
  volume       = {46},
  number       = {5},
  pages        = {904-920},
}

@Online{McCarthy2015,
  author = {Kyle McCarthy},
  title  = {5 Colleges With Data Breaches Larger Than Sonyâ€™s in 2014},
  year   = {2015},
  date   = {2015-01-15},
  url    = {https://www.huffingtonpost.com/kyle-mccarthy/five-colleges-with-data-b_b_6474800.html},
}

@Online{Collett2017,
  author = {Stacy Collett},
  title  = {Five new threats to your mobile security},
  year   = {2017},
  date   = {2017-08-01},
  url    = {https://www.csoonline.com/article/2157785/data-protection/five-new-threats-to-your-mobile-security.html},
}