% Encoding: UTF-8

@Report{Research2014,
  author    = {Hanover Research},
  title     = {Trends in Higher Education Marketing, Recruiting, and Technology},
  year      = {2014},
  date      = {2014-03},
  pagetotal = {27},
}

@Article{Daniel2015,
  author       = {Ben Daniel},
  title        = {Big Data and Analytics in Higher Education: Opportunities and Challenges},
  journal      = {British Educational Research Association},
  journaltitle = {British Journal of Educational Technology},
  year         = {2015},
}

@Periodical{Selingo2017,
  editor = {Jeffrey Selingo},
  title  = {How Colleges Use Big Data to Target the Students They Want},
  year   = {2017},
  date   = {2017/04},
  url    = {https://www.theatlantic.com/education/archive/2017/04/how-colleges-find-their-students/522516/},
}

@Report{Marsh2006,
  author      = {Julie A. Marsh and John F. Pane, and Lara S. Hamilton},
  title       = {Making Sense of Data-Driven Decision Making in Education},
  type        = {Research Report},
  institution = {Rand Education},
  year        = {2006},
  url         = {www.rand.org},
}

@Report{EducationStatistics2015,
  author      = {National Center for Education Statistics},
  title       = {Digest of Educations Statistics},
  institution = {U.S. Departmentof Education},
  year        = {2015},
}

@Report{Geyer2016,
  author      = {Stephanie Geyer},
  title       = {E-Expectations Trend Report},
  type        = {Research Report},
  institution = {Ruffalo Noel Levitz},
  year        = {2016},
}

@Article{Picciano2012,
  author  = {Anthony G. Picciano},
  title   = {The Evolution of Big Data and Learning in Analytics in American Higher Education},
  journal = {Journal of Asynchronous Learning Networks, Volume 13: Issue 3},
  year    = {2012},
}

@Comment{jabref-meta: databaseType:biblatex;}
